@article{article,
  author  = {Garland, Michael and Heckbert, Paul},
  year    = {1997},
  month   = {07},
  pages   = {},
  title   = {Surface Simplification Using Quadric Error Metrics},
  volume  = {1997},
  journal = {Proceedings of the ACM SIGGRAPH Conference on Computer Graphics},
  doi     = {10.1145/258734.258849}
}